% Encoding: UTF-8

@Book{Maraschini2013,
  title     = {Enciclopedia della matematica},
  year      = {2013},
  editor    = {Maraschini, Walter and Palma, Mauro},
  publisher = {Garzanti Libri},
  isbn      = {9788811505259},
  url       = {https://www.amazon.com/Enciclopedia-della-matematica/dp/8811505259?SubscriptionId=0JYN1NVW651KCA56C102&tag=techkie-20&linkCode=xm2&camp=2025&creative=165953&creativeASIN=8811505259},
  urldate   = {2017-12-25},
}

@Book{Borowein2010,
  title     = {Dizionario della matematica},
  year      = {2010},
  editor    = {Borowein, E. J. and Borowein, J.M.},
  maintitle = {Dizionario di matematica},
  publisher = {Gremese Editore},
  isbn      = {9788884406453},
  pagetotal = {423},
  url       = {https://www.amazon.com/Dizionario-della-matematica/dp/8884406455?SubscriptionId=0JYN1NVW651KCA56C102&tag=techkie-20&linkCode=xm2&camp=2025&creative=165953&creativeASIN=8884406455},
  urldate   = {2017-12-25},
  owner     = {Claudio Duchi},
}

@Book{Ortolani2017,
  title         = {Manuale di elettrotecnica, elettronica e automazione},
  year          = {2017},
  editor        = {Ortolani, G. and Venturi, E.},
  maintitle     = {Manuale di elettrotecnica, elettronica e automazione},
  publisher     = {Hoepli},
  isbn          = {9788820379032},
  url           = {https://books.google.it/books?id=T\_PlAQAACAAJ},
  urldate       = {2017-12-25},
  __markedentry = {[Claudio Duchi:6]},
  owner         = {Claudio Duchi},
}

@Book{,
  title     = {Formulario di matematica},
  year      = {2017},
  date      = {2017-12-25},
  publisher = {Alpha test},
  isbn      = {9788848318051},
}

@Comment{jabref-meta: databaseType:biblatex;}
